@article{sea-lamprey-2,
	title = {Sea Lamprey},
	url = {https://www.usgs.gov/media/images/sea-lamprey-2},
	urldate = {2019-05-30},
	author = {USGS - GLSC, Great Lakes Science Center},
	month = may,
	year = {2019},
	keywords = {Sea Lamprey},
}